@inproceedings{abdou2021can,
  title={Can Language Models Encode Perceptual Structure Without Grounding? {A} Case Study in Color},
  author={Abdou, Mostafa and Kulmizev, Artur and Hershcovich, Daniel and Frank, Stella and Pavlick, Ellie and S{\o}gaard, Anders},
  booktitle={Proceedings of the 25th Conference on Computational Natural Language Learning},
  pages={109--132},
  year={2021}
}

@article{achiam2023gpt,
  title={{GPT-4} technical report},
  author={Achiam, Josh and Adler, Steven and Agarwal, Sandhini and Ahmad, Lama and Akkaya, Ilge and Aleman, Florencia Leoni and Almeida, Diogo and Altenschmidt, Janko and Altman, Sam and Anadkat, Shyamal and others},
  journal={arXiv preprint arXiv:2303.08774},
  year={2023}
}

@inproceedings{agirre2009study,
  title={A study on similarity and relatedness using distributional and {WordNet}-based approaches},
  author={Agirre, Eneko and Alfonseca, Enrique and Hall, Keith and Kravalova, Jana and Pasca, Marius and Soroa, Aitor},
  booktitle = "Proceedings of Human Language Technologies: The 2009 Annual Conference of the North {A}merican Chapter of the Association for Computational Linguistics",
  year={2009}
}

@inproceedings{aher2023using,
  title={Using large language models to simulate multiple humans and replicate human subject studies},
  author={Aher, Gati and Arriaga, Rosa I. and Kalai, Adam T.},
  booktitle={International Conference on Machine Learning},
  pages={337--371},
  year={2023},
  organization={PMLR}
}

@misc{alain2018intermediate,
  title={Understanding intermediate layers using linear classifier probes}, 
  author={Guillaume Alain and Yoshua Bengio},
  year={2018},
  eprint={1610.01644},
  archivePrefix={arXiv},
  primaryClass={stat.ML},
  url={https://arxiv.org/abs/1610.01644}, 
}

@inproceedings{allen2019analogies,
  title={Analogies explained: Towards understanding word embeddings},
  author={Allen, Carl and Hospedales, Timothy},
  booktitle={International Conference on Machine Learning},
  pages={223--231},
  year={2019},
  organization={PMLR}
}

@misc{altman2024intelligence,
  title={The Intelligence Age},
  author={Altman, Sam},
  year={2024},
  month=sep,
  howpublished={Blog post},
  url={https://ia.samaltman.com/}
}

@article{amari1972learning,
  title={Learning patterns and pattern sequences by self-organizing nets of threshold elements},
  author={Amari, S-I},
  journal={IEEE Transactions on Computers},
  volume={100},
  number={11},
  pages={1197--1206},
  year={1972},
  publisher={IEEE}
}

@misc{amodei2024grace,
  title={Machines of Loving Grace: How {AI} Could Transform the World for the Better},
  author={Amodei, Dario},
  year={2024},
  month=oct,
  howpublished = {Blog post},
  url={https://www.darioamodei.com/essay/machines-of-loving-grace}
}

@book{anderson2000talking,
  title={Talking Nets: An Oral History of Neural Networks},
  author={Anderson, James A and Rosenfeld, Edward},
  year={2000},
  publisher={MIT Press}
}

@article{anderson2014categorization,
  title={Categorization and selective neurons},
  author={Anderson, James A and Mozer, Michael C},
  journal={Parallel Models of Associative Memory},
  pages={251--276},
  year={2014}
}

@book{anderson2014human,
  title={Human Associative Memory},
  author={Anderson, John R and Bower, Gordon H},
  year={2014},
  publisher={Psychology Press}
}

@misc{anthropic2025pokemon,
  author = {Anthropic},
  howpublished = {Anthropic blog},
  title = {Claude's extended thinking},
  year = {2025},
  month = feb,
  url = {https://www.anthropic.com/research/visible-extended-thinking}
}

@misc{anthropic2025rsp,
  title={Anthropic's {Responsible Scaling Policy}},
  author={Anthropic},
  year={2025},
  howpublished={Anthropic blog},
  url={https://www.anthropic.com/rsp-updates}
}

@misc{aschenbrenner2024situational,
  title={Situational Awareness: The Decade Ahead},
  author={Aschenbrenner, Leopold},
  year={2024},
  month=jun,
  url={https://situational-awareness.ai/}
}

@misc{askell2021assistant,
  title={A General Language Assistant as a Laboratory for Alignment}, 
  author={Amanda Askell and Yuntao Bai and Anna Chen and Dawn Drain and Deep Ganguli and Tom Henighan and Andy Jones and Nicholas Joseph and Ben Mann and Nova DasSarma and Nelson Elhage and Zac Hatfield-Dodds and Danny Hernandez and Jackson Kernion and Kamal Ndousse and Catherine Olsson and Dario Amodei and Tom Brown and Jack Clark and Sam McCandlish and Chris Olah and Jared Kaplan},
  year={2021},
  eprint={2112.00861},
  archivePrefix={arXiv},
  primaryClass={cs.CL},
  url={https://arxiv.org/abs/2112.00861}, 
}

@book{baars1986cognitive,
  title={The Cognitive Revolution in Psychology},
  author={Baars, Bernard J},
  year={1986},
  publisher={The Guilford Press}
}

@misc{backlund2025vending,
  title={{Vending-Bench}: A Benchmark for Long-Term Coherence of Autonomous Agents}, 
  author={Axel Backlund and Lukas Petersson},
  year={2025},
  eprint={2502.15840},
  archivePrefix={arXiv},
  primaryClass={cs.AI},
  url={https://arxiv.org/abs/2502.15840}, 
}

@misc{bai2022constitutional,
  title={Constitutional {AI}: Harmlessness from {AI} Feedback},
  author={Yuntao Bai and Saurav Kadavath and Sandipan Kundu and Amanda Askell and Jackson Kernion and Andy Jones and Anna Chen and Anna Goldie and Azalia Mirhoseini and Cameron McKinnon and Carol Chen and Catherine Olsson and Christopher Olah and Danny Hernandez and Dawn Drain and Deep Ganguli and Dustin Li and Eli Tran-Johnson and Ethan Perez and Jamie Kerr and Jared Mueller and Jeffrey Ladish and Joshua Landau and Kamal Ndousse and Kamile Lukosuite and Liane Lovitt and Michael Sellitto and Nelson Elhage and Nicholas Schiefer and Noemi Mercado and Nova DasSarma and Robert Lasenby and Robin Larson and Sam Ringer and Scott Johnston and Shauna Kravec and Sheer El Showk and Stanislav Fort and Tamera Lanham and Timothy Telleen-Lawton and Tom Conerly and Tom Henighan and Tristan Hume and Samuel R. Bowman and Zac Hatfield-Dodds and Ben Mann and Dario Amodei and Nicholas Joseph and Sam McCandlish and Tom Brown and Jared Kaplan},
  year={2022},
  eprint={2212.08073},
  archivePrefix={arXiv},
  primaryClass={cs.CL},
  url={https://arxiv.org/abs/2212.08073}, 
}

@misc{bai2022training,
  title={Training a Helpful and Harmless Assistant with Reinforcement Learning from Human Feedback},
  author={Yuntao Bai and Andy Jones and Kamal Ndousse and Amanda Askell and Anna Chen and Nova DasSarma and Dawn Drain and Stanislav Fort and Deep Ganguli and Tom Henighan and Nicholas Joseph and Saurav Kadavath and Jackson Kernion and Tom Conerly and Sheer El-Showk and Nelson Elhage and Zac Hatfield-Dodds and Danny Hernandez and Tristan Hume and Scott Johnston and Shauna Kravec and Liane Lovitt and Neel Nanda and Catherine Olsson and Dario Amodei and Tom Brown and Jack Clark and Sam McCandlish and Chris Olah and Ben Mann and Jared Kaplan},
  year={2022},
  eprint={2204.05862},
  archivePrefix={arXiv},
  primaryClass={cs.CL},
  url={https://arxiv.org/abs/2204.05862},
}

@book{bain1873mind,
  title={Mind and Body: The Theories of Their Relation},
  author={Bain, Alexander},
  year={1873},
  publisher={Henry S. King \& Company}
}

@misc{baker2025monitoring,
  title={Monitoring Reasoning Models for Misbehavior and the Risks of Promoting Obfuscation},
  author={Bowen Baker and Joost Huizinga and Leo Gao and Zehao Dou and Melody Y. Guan and Aleksander Madry and Wojciech Zaremba and Jakub Pachocki and David Farhi},
  year={2025},
  eprint={2503.11926},
  archivePrefix={arXiv},
  primaryClass={cs.AI},
  url={https://arxiv.org/abs/2503.11926}, 
}

@article{beckmann2025mechanistic,
  title={Mechanistic Indicators of Understanding in Large Language Models},
  author={Beckmann, Pierre and Queloz, Matthieu},
  journal={arXiv preprint arXiv:2507.08017},
  year={2025}
}

@misc{belinkov2021classifiers,
  title={Probing Classifiers: Promises, Shortcomings, and Advances}, 
  author={Yonatan Belinkov},
  year={2021},
  eprint={2102.12452},
  archivePrefix={arXiv},
  primaryClass={cs.CL},
  url={https://arxiv.org/abs/2102.12452}, 
}

@inproceedings{bender2020climbing,
  title={Climbing towards {NLU}: On meaning, form, and understanding in the age of data},
  author={Bender, Emily M and Koller, Alexander},
  booktitle={Proceedings of the 58th Annual Meeting of the Association for Computational Linguistics},
  pages={5185--5198},
  year={2020}
}

@inproceedings{bender2021dangers,
  title={On the dangers of stochastic parrots: Can language models be too big?},
  author={Bender, Emily M and Gebru, Timnit and McMillan-Major, Angelina and Shmitchell, Shmargaret},
  booktitle={Proceedings of the 2021 ACM conference on Fairness, Accountability, and Transparency},
  pages={610--623},
  year={2021}
}

@article{bertschinger2004real,
  title={Real-time computation at the edge of chaos in recurrent neural networks},
  author={Bertschinger, Nils and Natschl{\"a}ger, Thomas},
  journal={Neural Computation},
  volume={16},
  number={7},
  pages={1413--1436},
  year={2004},
  publisher={MIT Press}
}

@article{berwick2011poverty,
  title={Poverty of the stimulus revisited},
  author={Berwick, Robert C and Pietroski, Paul and Yankama, Beracah and Chomsky, Noam},
  journal={Cognitive Science},
  volume={35},
  number={7},
  pages={1207--1242},
  year={2011},
  publisher={Wiley Online Library}
}

@misc{betley2025emergent,
  title={Emergent Misalignment: Narrow finetuning can produce broadly misaligned {LLM}s},
  author={Jan Betley and Daniel Tan and Niels Warncke and Anna Sztyber-Betley and Xuchan Bao and Mart√≠n Soto and Nathan Labenz and Owain Evans},
  year={2025},
  eprint={2502.17424},
  archivePrefix={arXiv},
  primaryClass={cs.CL},
  url={https://arxiv.org/abs/2502.17424}, 
}

@article{bi1998synaptic,
  title={Synaptic modifications in cultured hippocampal neurons: dependence on spike timing, synaptic strength, and postsynaptic cell type},
  author={Bi, Guo-qiang and Poo, Mu-ming},
  journal={Journal of Neuroscience},
  volume={18},
  number={24},
  pages={10464--10472},
  year={1998},
  publisher={Soc Neuroscience}
}

@book{bishop1995neural,
  title={Neural Networks for Pattern Recognition},
  author={Bishop, Christopher M},
  year={1995},
  publisher={Oxford University Press}
}

@article{boggan2011chess,
  title={Chess expertise and the fusiform face area: Why it matters},
  author={Boggan, Amy L and Huang, Chih-Mao},
  journal={Journal of Neuroscience},
  volume={31},
  number={47},
  pages={16895--16896},
  year={2011},
  publisher={Soc Neuroscience}
}

@article{bojanowski2016enriching,
  title={Enriching Word Vectors with Subword Information},
  author={Bojanowski, Piotr and Grave, Edouard and Joulin, Armand and Mikolov, Tomas},
  journal={arXiv preprint arXiv:1607.04606},
  year={2016}
}

@article{borg2025llms,
  title={{LLM}s, {Turing} tests and {Chinese} rooms: The prospects for meaning in large Language models},
  author={Borg, Emma},
  journal={Inquiry},
  pages={1--31},
  year={2025},
  publisher={Taylor \& Francis}
}

@book{boring1929history,
  title={History of Experimental Psychology},
  author={Boring, Edwin Garrigues},
  year={1929},
  publisher={Genesis Publishing Pvt Ltd}
}

@book{bostrom2014superintelligence,
  author = {Bostrom, Nick},
  title = {Superintelligence: Paths, Dangers, Strategies},
  year = {2014},
  isbn = {0199678111},
  publisher = {Oxford University Press, Inc.},
  address = {USA},
  edition = {1st},
}

@book{bostrom2024utopia,
  author={Bostrom, Nick},
  title={Deep Utopia: Life and Meaning in a Solved World},
  year={2024},
  isbn={1646871642},
  publisher={Ideapress Publishing}
}

@article{bowers2022deep,
  title={Deep Problems with Neural Network Models of Human Vision},
  author={Bowers, Jeffrey S and Malhotra, Gaurav and Dujmovi{\'c}, Marin and Montero, Milton Llera and Tsvetkov, Christian and Biscione, Valerio and Puebla, Guillermo and Adolfi, Federico G and Hummel, John and Heaton, Rachel Flood and others},
  year={2023},
  journal={Behavioral and Brain Sciences},
  DOI={10.1017/S0140525X22002813}
}

@book{braitenberg1986vehicles ,
  title={Vehicles: Experiments in Synthetic Psychology},
  author={Braitenberg, Valentino},
  year={1986},
  publisher={MIT Press}
}

@article{bricken2023monosemanticity,
  title={Towards Monosemanticity: Decomposing Language Models With Dictionary Learning},
  author={Bricken, Trenton and Templeton, Adly and Batson, Joshua and Chen, Brian and Jermyn, Adam and Conerly, Tom and Turner, Nick and Anil, Cem and Denison, Carson and Askell, Amanda and Lasenby, Robert and Wu, Yifan and Kravec, Shauna and Schiefer, Nicholas and Maxwell, Tim and Joseph, Nicholas and Hatfield-Dodds, Zac and Tamkin, Alex and Nguyen, Karina and McLean, Brayden and Burke, Josiah E and Hume, Tristan and Carter, Shan and Henighan, Tom and Olah, Christopher},
  year={2023},
  journal={Transformer Circuits Thread},
}

@article{brown2020language,
  title={Language models are few-shot learners},
  author={Brown, Tom B and Mann, Benjamin and Ryder, Nick and Subbiah, Melanie and Kaplan, Jared and Dhariwal, Prafulla and Neelakantan, Arvind and Shyam, Pranav and Sastry, Girish and Askell, Amanda and others},
  journal={arXiv preprint arXiv:2005.14165},
  year={2020}
}

@article{bryson1969applied,
  title={Applied Optimal Control},
  author={Bryson, AE and Ho, YC},
  journal={Optimization, Estimation and Control},
  year={1969},
  publisher={Blaisdell Publishing Company}
}

@article{bugliarello2023measuring,
  title={Measuring progress in fine-grained vision-and-language understanding},
  author={Bugliarello, Emanuele and Sartran, Laurent and Agrawal, Aishwarya and Hendricks, Lisa Anne and Nematzadeh, Aida},
  journal={arXiv preprint arXiv:2305.07558},
  year={2023}
}

@article{bullmore2009complex,
  title={Complex brain networks: graph theoretical analysis of structural and functional systems},
  author={Bullmore, Ed and Sporns, Olaf},
  journal={Nature Reviews Neuroscience},
  volume={10},
  number={3},
  pages={186--198},
  year={2009},
  publisher={Nature Publishing Group}
}

@misc{burns2024discovering,
  title={Discovering Latent Knowledge in Language Models Without Supervision}, 
  author={Collin Burns and Haotian Ye and Dan Klein and Jacob Steinhardt},
  year={2024},
  eprint={2212.03827},
  archivePrefix={arXiv},
  primaryClass={cs.CL},
  url={https://arxiv.org/abs/2212.03827}, 
}

@book{burrows1996neurobiology,
  title={The Neurobiology of an Insect Brain},
  author={Burrows, Malcolm},
  year={1996},
  publisher={Oxford University Press Oxford}
}

@misc{bushnaq2024degeneracy,
  title={Using Degeneracy in the Loss Landscape for Mechanistic Interpretability}, 
  author={Lucius Bushnaq and Jake Mendel and Stefan Heimersheim and Dan Braun and Nicholas Goldowsky-Dill and Kaarel H√§nni and Cindy Wu and Marius Hobbhahn},
  year={2024},
  eprint={2405.10927},
  archivePrefix={arXiv},
  primaryClass={cs.LG},
  url={https://arxiv.org/abs/2405.10927}, 
}

@article{cabral2011role,
  title={Role of local network oscillations in resting-state functional connectivity},
  author={Cabral, Joana and Hugues, Etienne and Sporns, Olaf and Deco, Gustavo},
  journal={Neuroimage},
  volume={57},
  number={1},
  pages={130--139},
  year={2011},
  publisher={Elsevier}
}

@article{cai2023do,
  title={Do large language models resemble humans in language use?},
  author={Cai, Zhenguang G. and Duan, Xufeng and Haslett, David A. and Wang, Shuqi and Pickering, Martin J.},
  journal={arXiv preprint arXiv:2303.08014},
  year={2023}
}

@article{caucheteux2022brains,
  title={Brains and algorithms partially converge in natural language processing},
  author={Caucheteux, Charlotte and King, Jean-R{\'e}mi},
  journal={Communications Biology},
  volume={5},
  number={1},
  pages={134},
  year={2022},
  publisher={Nature Publishing Group}
}

@book{ccn_2000,
  title={Computational Explorations in Cognitive Neuroscience: Understanding the Mind by Simulating the Brain},
  author={O'reilly, Randall C and Munakata, Yuko},
  year={2000},
  publisher={MIT Press}
}

@BOOK{cecn_4e,
  author={Randall C. O'Reilly and Yuko Munakata and Michael J. Frank and Thomas E. Hazy and Contributors},
  title={Computational Cognitive Neuroscience},
  year={2012},
  publisher={Online Book, 4th Edition, URL: \url{https://CompCogNeuro.org}},
  url={https://github.com/CompCogNeuro/ed4},
}

@misc{chen2025unfaithful,
  title={Reasoning Models Don't Always Say What They Think}, 
  author={Yanda Chen and Joe Benton and Ansh Radhakrishnan and Jonathan Uesato and Carson Denison and John Schulman and Arushi Somani and Peter Hase and Misha Wagner and Fabien Roger and Vlad Mikulik and Samuel R. Bowman and Jan Leike and Jared Kaplan and Ethan Perez},
  year={2025},
  eprint={2505.05410},
  archivePrefix={arXiv},
  primaryClass={cs.CL},
  url={https://arxiv.org/abs/2505.05410}, 
}

@article{chiang2023jpeg,
  title={{ChatGPT} Is a Blurry {JPEG} of the Web},
  author={Chiang, Ted},
  journal={The New Yorker},
  year={2023},
  url={https://www.newyorker.com/science/annals-of-artificial-intelligence/chatgpt-is-a-blurry-jpeg-of-the-web}
}

@article{chomsky2023noam,
  title={{Noam Chomsky}: The false promise of {ChatGPT}},
  author={Chomsky, Noam and Roberts, Ian and Watumull, Jeffrey},
  journal={The New York Times},
  volume={8},
  year={2023}
}

@misc{christiano2017human,
  title={Deep reinforcement learning from human preferences}, 
  author={Paul Christiano and Jan Leike and Tom B. Brown and Miljan Martic and Shane Legg and Dario Amodei},
  year={2017},
  eprint={1706.03741},
  archivePrefix={arXiv},
  primaryClass={stat.ML},
  url={https://arxiv.org/abs/1706.03741}, 
}

@inproceedings{christiansen2023large,
  title={Large language models partially converge toward human-like concept organization},
  author={Christiansen, Jonathan Gabel and Gammelgaard, Mathias and S{\o}gaard, Anders},
  booktitle={NeurIPS 2023 Workshop on Symmetry and Geometry in Neural Representations},
  year={2023},
}

@article{clark2013whatever,
  title={Whatever next? {P}redictive brains, situated agents, and the future of cognitive science},
  author={Clark, Andy},
  journal={Behavioral and Brain Sciences},
  volume={36},
  number={3},
  pages={181--204},
  year={2013},
  publisher={Cambridge University Press}
}

@article{clark2019does,
  title={What Does {BERT} Look At? {A}n Analysis of {BERT}'s Attention},
  author={Clark, Kevin},
  journal={arXiv preprint arXiv:1906.04341},
  year={2019}
}

@misc{comanici2025pokemon,
  title={Gemini 2.5: Pushing the Frontier with Advanced Reasoning, Multimodality, Long Context, and Next Generation Agentic Capabilities}, 
  author={
    Gheorghe Comanici and Eric Bieber and Mike Schaekermann and Ice Pasupat and Noveen Sachdeva and Inderjit Dhillon and Marcel Blistein and Ori Ram and Dan Zhang and Evan Rosen and Luke Marris and Sam Petulla and Colin Gaffney and Asaf Aharoni and Nathan Lintz and Tiago Cardal Pais and Henrik Jacobsson and Idan Szpektor and Nan-Jiang Jiang and Krishna Haridasan and Ahmed Omran and Nikunj Saunshi and Dara Bahri and Gaurav Mishra and Eric Chu and others},
  year={2025},
  eprint={2507.06261},
  archivePrefix={arXiv},
  primaryClass={cs.CL},
  url={https://arxiv.org/abs/2507.06261}, 
}

@misc{cunningham2023sparse,
  title={Sparse Autoencoders Find Highly Interpretable Features in Language Models}, 
  author={Hoagy Cunningham and Aidan Ewart and Logan Riggs and Robert Huben and Lee Sharkey},
  year={2023},
  eprint={2309.08600},
  archivePrefix={arXiv},
  primaryClass={cs.LG},
}

@article{dailey2002empath,
  title={{EMPATH}: A neural network that categorizes facial expressions},
  author={Dailey, Matthew N and Cottrell, Garrison W and Padgett, Curtis and Adolphs, Ralph},
  journal={Journal of Cognitive Neuroscience},
  volume={14},
  number={8},
  pages={1158--1173},
  year={2002},
  publisher={MIT Press}
}

@misc{deepseekai2025deepseek,
  title={{DeepSeek-R1}: Incentivizing Reasoning Capability in {LLM}s via Reinforcement Learning}, 
  author={DeepSeek-AI and Daya Guo and Dejian Yang and Haowei Zhang and Junxiao Song and Ruoyu Zhang and Runxin Xu and Qihao Zhu and Shirong Ma and Peiyi Wang and Xiao Bi and Xiaokang Zhang and Xingkai Yu and Yu Wu and Z. F. Wu and Zhibin Gou and Zhihong Shao and Zhuoshu Li and Ziyi Gao and Aixin Liu and Bing Xue and Bingxuan Wang and Bochao Wu and Bei Feng and Chengda Lu and others},
  year={2025},
  eprint={2501.12948},
  archivePrefix={arXiv},
  primaryClass={cs.CL},
  url={https://arxiv.org/abs/2501.12948}, 
}

@article{derner2024truesight,
  title = {Can {ChatGPT} read who you are?},
  author = {Erik Derner and Dalibor Kuƒçera and Nuria Oliver and Jan Zah√°lka},
  journal = {Computers in Human Behavior: Artificial Humans},
  volume = {2},
  number = {2},
  pages = {100088},
  year = {2024},
  issn = {2949-8821},
  doi = {https://doi.org/10.1016/j.chbah.2024.100088},
  url = {https://www.sciencedirect.com/science/article/pii/S2949882124000483},
}

@article{devlin2018bert,
  title={{BERT}: Pre-training of deep bidirectional transformers for language understanding},
  author={Devlin, Jacob and Chang, Ming-Wei and Lee, Kenton and Toutanova, Kristina},
  journal={arXiv preprint arXiv:1810.04805},
  year={2018}
}

@article{dillion2023can,
  title={Can {AI} language models replace human participants?},
  author={Dillion, Danica and Tandon, Niket and Gu, Yuling and Gray, Kurt},
  journal={Trends in Cognitive Sciences},
  volume={27},
  number={7},
  pages={597--600},
  year={2023}
}

@book{dreyfus1992computers,
  title={What Computers Still Can't Do: A Critique of Artificial Reason},
  author={Dreyfus, Hubert L},
  year={1992},
  publisher={MIT Press}
}

@article{edwards2024voice,
  author = {Edwards, Benj},
  journal = {Ars Technica},
  title = {{ChatGPT} unexpectedly began speaking in a user's cloned voice during testing},
  year = {2024},
  month = aug,
  url = {https://arstechnica.com/information-technology/2024/08/chatgpt-unexpectedly-began-speaking-in-a-users-cloned-voice-during-testing/}
}

@article{ekman1976pictures,
  title={Pictures of facial affect},
  author={Ekman, Paul},
  journal={Consulting Psychologists Press},
  year={1976},
  publisher={Palo Alto}
}

@article{elhage2021mathematical,
  title={A mathematical framework for transformer circuits},
  author={Elhage, Nelson and Nanda, Neel and Olsson, Catherine and Henighan, Tom and Joseph, Nicholas and Mann, Ben and Askell, Amanda and Bai, Yuntao and Chen, Anna and Conerly, Tom and others},
  journal={Transformer Circuits Thread},
  volume={1},
  number={1},
  pages={12},
  year={2021}
}

@article{elhage2022superposition,
  title={Toy Models of Superposition},
  author={Elhage, Nelson and Hume, Tristan and Olsson, Catherine and Schiefer, Nicholas and Henighan, Tom and Kravec, Shauna and Hatfield-Dodds, Zac and Lasenby, Robert and Drain, Dawn and Chen, Carol and Grosse, Roger and McCandlish, Sam and Kaplan, Jared and Amodei, Dario and Wattenberg, Martin and Olah, Christopher},
  year={2022},
  journal={Transformer Circuits Thread},
}

@article{eliasmith2012large,
  title={A large-scale model of the functioning brain},
  author={Eliasmith, Chris and Stewart, Terrence C and Choo, Xuan and Bekolay, Trevor and DeWolf, Travis and Tang, Yichuan and Rasmussen, Daniel},
  journal={Science},
  volume={338},
  number={6111},
  pages={1202--1205},
  year={2012},
  publisher={American Association for the Advancement of Science}
}

@article{elman1990finding,
  title={Finding structure in time},
  author={Elman, Jeffrey L},
  journal={Cognitive Science},
  volume={14},
  number={2},
  pages={179--211},
  year={1990},
  publisher={Wiley Online Library}
}

@book{elman1996rethinking,
  title={Rethinking Innateness: A Connectionist Perspective on Development},
  author={Elman, Jeffrey L},
  volume={10},
  year={1996},
  publisher={MIT Press}
}

@proceedings{elsner1990brain,
  title={Brain--perception, cognition: proceedings of the 18th {G\"o}ttingen Neurobiology Conference},
  author={Elsner, Norbert},
  year={1990},
  publisher={Georg Thieme Verlag}
}

@article{erk2012vector,
  title={Vector space models of word meaning and phrase meaning: A survey},
  author={Erk, Katrin},
  journal={Language and Linguistics Compass},
  volume={6},
  number={10},
  pages={635--653},
  year={2012},
  publisher={Wiley Online Library}
}

@book{fausett1994fundamentals,
  title={Fundamentals of Neural Networks},
  author={Fausett, Laurene V},
  year={1994},
  publisher={Prentice-Hall}
}

@inproceedings{fernando2003pattern,
  title={Pattern recognition in a bucket},
  author={Fernando, Chrisantha and Sojakka, Sampsa},
  booktitle={European Conference on Artificial Life},
  pages={588--597},
  year={2003},
  organization={Springer}
}

@book{finger2001origins,
  title={Origins of Neuroscience: A History of Explorations into Brain Function},
  author={Finger, Stanley},
  year={2001},
  publisher={Oxford University Press, USA}
}

@inproceedings{finkelstein2001placing,
  title={Placing search in context: The concept revisited},
  author={Finkelstein, Lev and Gabrilovich, Evgeniy and Matias, Yossi and Rivlin, Ehud and Solan, Zach and Wolfman, Gadi and Ruppin, Eytan},
  booktitle={Proceedings of the 10th International Conference on World Wide Web},
  pages={406--414},
  year={2001}
}

@article{firth1957synopsis,
  title={A synopsis of linguistic theory, 1930-1955},
  author={Firth, John},
  journal={Studies in Linguistic Analysis},
  pages={10--32},
  year={1957}
}

@article{floridi2020gpt,
  title={{GPT-3}: Its nature, scope, limits, and consequences},
  author={Floridi, Luciano and Chiriatti, Massimo},
  journal={Minds and Machines},
  volume={30},
  number={4},
  pages={681--694},
  year={2020},
  publisher={Springer}
}

@article{fodor1988connectionism,
  title={Connectionism and cognitive architecture: A critical analysis},
  author={Fodor, Jerry A and Pylyshyn, Zenon W},
  journal={Cognition},
  volume={28},
  number={1},
  pages={3--71},
  year={1988},
  publisher={Elsevier}
}

@article{frank2012predicting,
  title={Predicting pragmatic reasoning in language games},
  author={Frank, Michael C. and Goodman, Noah D.},
  journal={Science},
  volume={336},
  number={6084},
  pages={998--998},
  year={2012},
  doi={10.1126/science.1218633}
}

@book{freud1954project,
  title={Project for a Scientific Psychology},
  author={Freud, Sigmund and Bonaparte, Marie Ed and Freud, Anna Ed and Kris, Ernst Ed and Mosbacher, Eric Trans and Strachey, James Trans},
  year={1954},
  publisher={Basic Books}
}

@article{fukushima1982neocognitron,
  title={Neocognitron: A new algorithm for pattern recognition tolerant of deformations and shifts in position},
  author={Fukushima, Kunihiko and Miyake, Sei},
  journal={Pattern Recognition},
  volume={15},
  number={6},
  pages={455--469},
  year={1982},
  publisher={Elsevier}
}

@article{funahashi1993approximation,
  title={Approximation of dynamical systems by continuous time recurrent neural networks},
  author={Funahashi, Ken-ichi and Nakamura, Yuichi},
  journal={Neural Networks},
  volume={6},
  number={6},
  pages={801--806},
  year={1993},
  publisher={Elsevier}
}

@misc{garrabrant2020induction,
  title={Logical Induction}, 
  author={Scott Garrabrant and Tsvi Benson-Tilsen and Andrew Critch and Nate Soares and Jessica Taylor},
  year={2020},
  eprint={1609.03543},
  archivePrefix={arXiv},
  primaryClass={cs.AI},
  url={https://arxiv.org/abs/1609.03543}, 
}

@book{gazzaniga2002cognitive,
  title={Cognitive Neuroscience: The Biology of the Mind},
  author={Gazzaniga, Michael S and Ivry, RB and Mangun, GR},
  year={2002},
  publisher={Norton \& Company}
}

@article{goggin2025grok,
  author = {Goggin, Ben and Horvath, Bruna},
  journal = {{NBC} News},
  title = {Elon Musk's {AI} chatbot churns out antisemitic posts days after update},
  year = {2025},
  month = jul,
  url = {https://www.nbcnews.com/tech/internet/elon-musk-grok-antisemitic-posts-x-rcna217634}
}

@article{goldberg2019assessing,
  title={Assessing {BERT's} syntactic abilities},
  author={Goldberg, Yoav},
  journal={arXiv preprint arXiv:1901.05287},
  year={2019}
}

@book{goodfellow2016deep,
  title={Deep Learning},
  author={Goodfellow, Ian and Bengio, Yoshua and Courville, Aaron},
  year={2016},
  publisher={MIT Press}
}

@article{goodglass1976language,
  title={Language disorders (aphasia)},
  author={Goodglass, Harold and Geschwind, Norman},
  journal={Handbook of Perception},
  volume={7},
  pages={389--428},
  year={1976},
  publisher={Academic Press New York}
}

@article{goodman2016pragmatic,
  title={Pragmatic language interpretation as probabilistic inference},
  author={Goodman, Noah D and Frank, Michael C},
  journal={Trends in Cognitive Sciences},
  volume={20},
  number={11},
  pages={818--829},
  year={2016},
  publisher={Elsevier}
}

@misc{greenblatt2024aicontrol,
  title={{AI} Control: Improving Safety Despite Intentional Subversion}, 
  author={Ryan Greenblatt and Buck Shlegeris and Kshitij Sachan and Fabien Roger},
  year={2024},
  eprint={2312.06942},
  archivePrefix={arXiv},
  primaryClass={cs.LG},
  url={https://arxiv.org/abs/2312.06942}, 
}

@misc{greenblatt2024faking,
  title={Alignment faking in large language models}, 
  author={Ryan Greenblatt and Carson Denison and Benjamin Wright and Fabien Roger and Monte MacDiarmid and Sam Marks and Johannes Treutlein and Tim Belonax and Jack Chen and David Duvenaud and Akbir Khan and Julian Michael and S√∂ren Mindermann and Ethan Perez and Linda Petrini and Jonathan Uesato and Jared Kaplan and Buck Shlegeris and Samuel R. Bowman and Evan Hubinger},
  year={2024},
  eprint={2412.14093},
  archivePrefix={arXiv},
  primaryClass={cs.AI},
  url={https://arxiv.org/abs/2412.14093}, 
}

@article{grice1957meaning,
  title={Meaning},
  author={Grice, H Paul},
  journal={The Philosophical Review},
  volume={66},
  number={3},
  pages={377--388},
  year={1957},
  publisher={JSTOR}
}

@incollection{grice1975logic,
  title={Logic and Conversation},
  author={Grice, Herbert P},
  booktitle={Speech Acts},
  pages={41--58},
  year={1975},
  publisher={Brill}
}

@book{groome2013introduction,
  title={An Introduction to Cognitive Psychology: Processes and Disorders},
  author={Groome, David},
  year={2013},
  publisher={Psychology Press}
}

@inproceedings{grusser1990seat,
  title={On the 'Seat of the Soul', Cerebral Localization Theories in Medieval Times and Later},
  author={Gr\"{u}sser, Otto-Joachim},
  year={1990},
  booktitle={Brain, Perception, Cognition: Proceedings of the 18th G{\"o}ttingen Neurobiology Conference},
  crossref={elsner1990brain}
}

@article{gucclu2015deep,
  title={Deep neural networks reveal a gradient in the complexity of neural representations across the ventral stream},
  author={G{\"u}{\c{c}}l{\"u}, Umut and van Gerven, Marcel AJ},
  journal={Journal of Neuroscience},
  volume={35},
  number={27},
  pages={10005--10014},
  year={2015},
  publisher={Soc Neuroscience}
}

@article{hagmann2008mapping,
  title={Mapping the structural core of human cerebral cortex},
  author={Hagmann, Patric and Cammoun, Leila and Gigandet, Xavier and Meuli, Reto and Honey, Christopher J and Wedeen, Van J and Sporns, Olaf},
  journal={PLoS Biol},
  volume={6},
  number={7},
  pages={e159},
  year={2008},
  publisher={Public Library of Science}
}

@inproceedings{hamid2023chatgpt,
  title={{ChatGPT} and the {Chinese} room argument: An eloquent {AI} conversationalist lacking true understanding and consciousness},
  author={Hamid, Oussama H},
  booktitle={2023 9th International Conference on Information Technology Trends (ITT)},
  pages={238--241},
  year={2023},
  organization={IEEE}
}

@article{harris1954distributional,
  title={Distributional structure},
  author={Harris, Zellig S},
  journal={Word},
  volume={10},
  number={2-3},
  pages={146--162},
  year={1954},
  publisher={Taylor \& Francis}
}

@book{hartley1749observations,
  title={Observations on Man: His Frame, His Duty and His Expectations},
  author={Hartley, David},
  year={1749},
  publisher={Leake \& Frederick}
}

@book{haykin1998neural,
  title={Neural Networks: A Comprehensive Foundation},
  author={Haykin, Simon},
  year={1998},
  publisher={Prentice Hall},
  edition={2}
}

@book{hebb2005organization,
  title={The Organization of Behavior: A Neuropsychological Theory},
  author={Hebb, Donald Olding},
  year={2005},
  publisher={Psychology Press}
}

@inproceedings{heikkonen1999building,
  title={Building industrial applications with neural networks},
  author={Heikkonen, Jukka and Lampinen, Jouko},
  booktitle={Proceedings of the European Symposium on Intelligent Techniques},
  pages={3--4},
  year={1999}
}

@book{hertz1991introduction,
  title={Introduction to the Theory of Neural Computation},
  author={Hertz, John A and Krogh, Anders S and Palmer, Richard G},
  volume={1},
  year={1991},
  publisher={Basic Books}
}

@article{hill2015simlex,
  title={{SimLex}-999: Evaluating semantic models with (genuine) similarity estimation},
  author={Hill, Felix and Reichart, Roi and Korhonen, Anna},
  journal={Computational Linguistics},
  volume={41},
  number={4},
  pages={665--695},
  year={2015},
  publisher={MIT Press One Rogers Street, Cambridge, MA 02142-1209, USA journals-info~‚Ä¶}
}

@inproceedings{hinton1986learning,
  title={Learning distributed representations of concepts},
  author={Hinton, Geoffrey E},
  booktitle={Proceedings of the Eighth Annual Conference of the Cognitive Science Society},
  volume={1},
  pages={12},
  year={1986},
  organization={Amherst, MA}
}

@article{hodgkin1952quantitative,
  title={A quantitative description of membrane current and its application to conduction and excitation in nerve},
  author={Hodgkin, Alan L and Huxley, Andrew F},
  journal={The Journal of Physiology},
  volume={117},
  number={4},
  pages={500},
  year={1952},
  publisher={Wiley-Blackwell}
}

@misc{hoogland2025lossland,
  title={Loss Landscape Degeneracy and Stagewise Development in Transformers}, 
  author={Jesse Hoogland and George Wang and Matthew Farrugia-Roberts and Liam Carroll and Susan Wei and Daniel Murfet},
  year={2025},
  eprint={2402.02364},
  archivePrefix={arXiv},
  primaryClass={cs.LG},
  url={https://arxiv.org/abs/2402.02364}, 
}

@article{hopfield1982neural,
  title={Neural networks and physical systems with emergent collective computational abilities},
  author={Hopfield, John J},
  journal={Proceedings of the National Academy of Sciences},
  volume={79},
  number={8},
  pages={2554--2558},
  year={1982},
  publisher={National Acad Sciences}
}

@article{hornik1989multilayer,
  title={Multilayer feedforward networks are universal approximators},
  author={Hornik, Kurt and Stinchcombe, Maxwell and White, Halbert},
  journal={Neural Networks},
  volume={2},
  number={5},
  pages={359--366},
  year={1989},
  publisher={Elsevier}
}

@article{hotton2011extending,
  title={Extending dynamical systems theory to model embodied cognition},
  author={Hotton, Scott and Yoshimi, Jeff},
  journal={Cognitive Science},
  volume={35},
  number={3},
  pages={444--479},
  year={2011},
  publisher={Wiley Online Library}
}

@misc{hubinger2024sleeper,
  title={Sleeper Agents: Training Deceptive {LLM}s that Persist Through Safety Training}, 
  author={Evan Hubinger and Carson Denison and Jesse Mu and Mike Lambert and Meg Tong and Monte MacDiarmid and Tamera Lanham and Daniel M. Ziegler and Tim Maxwell and Newton Cheng and Adam Jermyn and Amanda Askell and Ansh Radhakrishnan and Cem Anil and David Duvenaud and Deep Ganguli and Fazl Barez and Jack Clark and Kamal Ndousse and Kshitij Sachan and Michael Sellitto and Mrinank Sharma and Nova DasSarma and Roger Grosse and Shauna Kravec and Yuntao Bai and Zachary Witten and Marina Favaro and Jan Brauner and Holden Karnofsky and Paul Christiano and Samuel R. Bowman and Logan Graham and Jared Kaplan and S√∂ren Mindermann and Ryan Greenblatt and Buck Shlegeris and Nicholas Schiefer and Ethan Perez},
  year={2024},
  eprint={2401.05566},
  archivePrefix={arXiv},
  primaryClass={cs.CR},
  url={https://arxiv.org/abs/2401.05566}, 
}

@misc{hutter2000aixi,
  title={A Theory of Universal Artificial Intelligence based on Algorithmic Complexity}, 
  author={Marcus Hutter},
  year={2000},
  eprint={cs/0004001},
  archivePrefix={arXiv},
  primaryClass={cs.AI},
  url={https://arxiv.org/abs/cs/0004001}, 
}

@article{ILSVRC15,
  Author = {Olga Russakovsky and Jia Deng and Hao Su and Jonathan Krause and Sanjeev Satheesh and Sean Ma and Zhiheng Huang and Andrej Karpathy and Aditya Khosla and Michael Bernstein and Alexander C. Berg and Li Fei-Fei},
  Title = {{ImageNet} Large Scale Visual Recognition Challenge},
  Year = {2015},
  journal   = {International Journal of Computer Vision (IJCV)},
  doi = {10.1007/s11263-015-0816-y},
  volume={115},
  number={3},
  pages={211-252}
}

@book{janert2010data,
  title={Data Analysis with Open Source Tools: A Hands-on Guide for Programmers and Data Scientists},
  author={Janert, Philipp K},
  year={2010},
  publisher={O'Reilly Media, Inc.}
}

@inproceedings{jones2024does,
  title={Does {GPT-4} pass the {Turing} test?},
  author={Jones, Cameron and Bergen, Ben},
  booktitle={Proceedings of the 2024 Conference of the North American Chapter of the Association for Computational Linguistics: Human Language Technologies (Volume 1: Long Papers)},
  pages={5183--5210},
  year={2024}
}

@book{kandel2000principles,
  title={Principles of Neural Science},
  author={Kandel, Eric R and Schwartz, James H and Jessell, Thomas M and Siegelbaum, Steven A and Hudspeth, AJ},
  volume={4},
  year={2000},
  publisher={McGraw-Hill New York}
}

@misc{karpathy2015unreasonable,
  title={The unreasonable effectiveness of recurrent neural networks},
  author={Karpathy, Andrej},
  howpublished={Blog post},
  year={2015},
  month=may,
  day={21},
  url={https://karpathy.github.io/2015/05/21/rnn-effectiveness/}
}

@article{karpathy2015visualizing,
  title={Visualizing and understanding recurrent networks},
  author={Karpathy, Andrej and Johnson, Justin and Fei-Fei, Li},
  journal={arXiv preprint arXiv:1506.02078},
  year={2015}
}

@inproceedings{kello2024emergent,
  title={Emergent Mental Lexicon Functions in {ChatGPT}},
  author={Kello, Christopher and Bruna, Polyphony},
  year={2024},
  booktitle={Proceedings of the 46th Annual Conference of the Cognitive Science Society},
  journal={Proceedings of the Annual Meeting of the {Cognitive Science Society}},
  volume={46}
}

@article{kim2019knowledge,
  title={Knowledge of animal appearance among sighted and blind adults},
  author={Kim, Judy S. and Elli, Giulia V. and Bedny, Marina},
  journal={Proceedings of the National Academy of Sciences},
  volume={116},
  number={23},
  pages={11213--11222},
  year={2019}
}

@article{king2024large,
  title={Large Language Models and the Rationalist Empiricist Debate},
  author={King, David},
  journal={arXiv preprint arXiv:2410.12895},
  year={2024}
}

@article{klee2025stancil,
  author = {Klee, Miles},
  journal = {Rolling Stone},
  title = {Musk's {Grok} Chatbot Fantasized About Breaking into {X} User's Home and Raping Him},
  year = {2025},
  month = jul,
  url = {https://www.rollingstone.com/culture/culture-news/elon-musk-grok-rape-fantasies-1235381746/}
}

@article{kohonen1990self,
  title={The self-organizing map},
  author={Kohonen, Teuvo},
  journal={Proceedings of the IEEE},
  volume={78},
  number={9},
  pages={1464--1480},
  year={1990},
  publisher={IEEE}
}

@inproceedings{kojima2023zeroshot,
  author = {Kojima, Takeshi and Gu, Shixiang (Shane) and Reid, Machel and Matsuo, Yutaka and Iwasawa, Yusuke},
  booktitle = {Advances in Neural Information Processing Systems},
  editor = {S. Koyejo and S. Mohamed and A. Agarwal and D. Belgrave and K. Cho and A. Oh},
  pages = {22199--22213},
  publisher = {Curran Associates, Inc.},
  title = {Large Language Models are Zero-Shot Reasoners},
  url = {https://proceedings.neurips.cc/paper_files/paper/2022/file/8bb0d291acd4acf06ef112099c16f326-Paper-Conference.pdf},
  volume = {35},
  year = {2022}
}

@misc{krakovna2020gaming,
  title={Specification gaming: the flip side of {AI} ingenuity},
  author={Victoria Krakovna and Jonathan Uesato and Vladimir Mikulik and Matthew Rahtz and Tom Everitt and Ramana Kumar and Zac Kenton and Jan Leike and Shane Legg},
  year={2020},
  month=apr,
  howpublished={Google DeepMind Research Blog},
  url={GoogleDeepMind}
}

@article{kriegeskorte2015deep,
  title={Deep neural networks: a new framework for modeling biological vision and brain information processing},
  author={Kriegeskorte, Nikolaus},
  journal={Annual Review of Vision Science},
  volume={1},
  pages={417--446},
  year={2015},
  publisher={Annual Reviews}
}

@article{kriete2013indirection,
  title={Indirection and symbol-like processing in the prefrontal cortex and basal ganglia},
  author={Kriete, Trenton and Noelle, David C and Cohen, Jonathan D and O'Reilly, Randall C},
  journal={Proceedings of the National Academy of Sciences},
  volume={110},
  number={41},
  pages={16390--16395},
  year={2013},
  publisher={National Acad Sciences}
}

@article{krizhevsky2012imagenet,
  title={{ImageNet} classification with deep convolutional neural networks},
  author={Krizhevsky, Alex and Sutskever, Ilya and Hinton, Geoffrey E},
  journal={Advances in Neural Information Processing Systems},
  volume={25},
  pages={1097--1105},
  year={2012}
}

@article{kurenkov2020briefhistory,
  author = {Kurenkov, Andrey},
  title = {A Brief History of Neural Nets and Deep Learning},
  journal = {Skynet Today},
  year = {2020},
  howpublished = {\url{https://skynettoday.com/overviews/neural-net-history } },
}

@misc{lambert2025tulu,
  title={Tulu 3: Pushing Frontiers in Open Language Model Post-Training}, 
  author={Nathan Lambert and Jacob Morrison and Valentina Pyatkin and Shengyi Huang and Hamish Ivison and Faeze Brahman and Lester James V. Miranda and Alisa Liu and Nouha Dziri and Shane Lyu and Yuling Gu and Saumya Malik and Victoria Graf and Jena D. Hwang and Jiangjiang Yang and Ronan Le Bras and Oyvind Tafjord and Chris Wilhelm and Luca Soldaini and Noah A. Smith and Yizhong Wang and Pradeep Dasigi and Hannaneh Hajishirzi},
  year={2025},
  eprint={2411.15124},
  archivePrefix={arXiv},
  primaryClass={cs.CL},
  url={https://arxiv.org/abs/2411.15124}, 
}

@article{lan2024large,
  title={Large Language Models and the Argument from the Poverty of the Stimulus},
  author={Lan, Nur and Chemla, Emmanuel and Katzir, Roni},
  journal={Linguistic Inquiry},
  pages={1--28},
  year={2024},
  publisher={MIT Press journals-info@ mit. edu}
}

@article{lazar2009sorn,
  title={{SORN}: A self-organizing recurrent neural network},
  author={Lazar, Andreea and Pipa, Gordon and Triesch, Jochen},
  journal={Frontiers in Computational Neuroscience},
  volume={3},
  pages={23},
  year={2009},
  publisher={Frontiers}
}

@incollection{le1986learning,
  title={Learning process in an asymmetric threshold network},
  author={Le Cun, Yann},
  booktitle={Disordered Systems and Biological Organization},
  pages={233--240},
  year={1986},
  publisher={Springer}
}

@article{lecun1989backpropagation,
  title={Backpropagation applied to handwritten {Zip} code recognition},
  author={LeCun, Yann and Boser, Bernhard and Denker, John S and Henderson, Donnie and Howard, Richard E and Hubbard, Wayne and Jackel, Lawrence D},
  journal={Neural Computation},
  volume={1},
  number={4},
  pages={541--551},
  year={1989},
  publisher={MIT Press}
}

@article{lecun2015deep,
  title={Deep Learning},
  author={LeCun, Yann and Bengio, Yoshua and Hinton, Geoffrey},
  journal={Nature},
  volume={521},
  number={7553},
  pages={436--444},
  year={2015},
  publisher={Nature Publishing Group}
}

@misc{leike2023superalignment,
  title={Introducing Superalignment},
  author={Leike, Jan and Sutskever, Ilya},
  howpublished={OpenAI blog},
  year={2023},
  month=jul,
  url={https://openai.com/index/introducing-superalignment/}
}

@article{lenci2018distributional,
  title={Distributional models of word meaning},
  author={Lenci, Alessandro},
  journal={Annual Review of Linguistics},
  volume={4},
  pages={151--171},
  year={2018},
  publisher={Annual Reviews}
}

@book{levine2000introduction,
  title={Introduction to Neural and Cognitive Modeling},
  author={Levine, Daniel S},
  year={2000},
  publisher={Psychology Press}
}

@article{lewis2019distributional,
  title={Distributional semantics as a source of visual knowledge},
  author={Lewis, Molly and Zettersten, Martin and Lupyan, Gary},
  journal={Proceedings of the National Academy of Sciences},
  volume={116},
  number={39},
  pages={19237--19238},
  year={2019},
  publisher={National Acad Sciences}
}

@article{lewis2024evaluating,
  title={Evaluating the Robustness of Analogical Reasoning in Large Language Models},
  author={Lewis, Martha and Mitchell, Melanie},
  journal={arXiv preprint arXiv:2411.14215},
  year={2024}
}

@article{lewis2025evaluating,
  title        = {Evaluating the Robustness of Analogical Reasoning in Large Language Models},
  author       = {Lewis, Martha and Mitchell, Melanie},
  journal      = {Transactions on Machine Learning Research (TMLR)},
  year         = {2025},
  month        = feb,
  day          = {19},
  url          = {https://openreview.net/forum?id=t5cy5v9wph},
  note         = {Originally appeared as a TMLR submission on OpenReview},
}

@inproceedings{lietard2021do,
  title={Do Language Models Know the Way to {Rome}?},
  author={Li{\'e}tard, Bertrand and Abdou, Mostafa and S{\o}gaard, Anders},
  booktitle={Proceedings of the Fourth BlackboxNLP Workshop on Analyzing and Interpreting Neural Networks for NLP},
  pages={510--517},
  year={2021}
}

@article{linzen2021syntactic,
  title={Syntactic structure from deep learning},
  author={Linzen, Tal and Baroni, Marco},
  journal={Annual Review of Linguistics},
  volume={7},
  number={1},
  pages={195--212},
  year={2021},
  publisher={Annual Reviews}
}

@article{liu2025learning,
  title={Learning about color from language},
  author={Liu, Qiawen and van Paridon, Jeroen and Lupyan, Gary},
  journal={Communications Psychology},
  volume={3},
  pages={60},
  year={2025},
  doi={10.1038/s44271-025-00230-9}
}

@article{lynch2025agentic,
  title={Agentic Misalignment: How {LLM}s Could be an Insider Threat},
  author={Lynch, Aengus and Wright, Benjamin and Larson, Caleb and Troy, Kevin K. and Ritchie, Stuart J. and Mindermann, S√∂ren and Perez, Ethan and Hubinger, Evan},
  year={2025},
  journal={Anthropic Research},
  note={https://www.anthropic.com/research/agentic-misalignment}
}

@article{maass2002computing,
  title={Computing with spikes},
  author={Maass, Wolfgang},
  journal={Special Issue on Foundations of Information Processing of TELEMATIK},
  volume={8},
  number={1},
  pages={32--36},
  year={2002}
}

@article{marmor1978age,
  title={Age at onset of blindness and the development of the semantics of color names},
  author={Marmor, Gloria S.},
  journal={Journal of Experimental Child Psychology},
  volume={25},
  number={2},
  pages={267--278},
  year={1978}
}

@incollection{marr1991theory,
  title={A theory of cerebellar cortex},
  author={Marr, David and Thach, W Thomas},
  booktitle={From the Retina to the Neocortex},
  pages={11--50},
  year={1991},
  publisher={Springer}
}

@inproceedings{mcclelland1981retrieving,
  title={Retrieving general and specific information from stored knowledge of specifics},
  author={McClelland, James L},
  booktitle={Proceedings of the Third Annual Meeting of the Cognitive Science Society},
  year={1981},
  organization={Citeseer}
}

@article{mcclelland1986appeal,
  title={The appeal of parallel distributed processing},
  author={McClelland, James L and Rumelhart, David E and Hinton, Geoffrey E},
  journal={MIT Press, Cambridge MA},
  pages={3--44},
  year={1986}
}

@book{mcclelland1989explorations,
  title={Explorations in Parallel Distributed Processing: A Handbook of Models, Programs, and Exercises},
  author={McClelland, James L and Rumelhart, David E},
  year={1989},
  publisher={MIT Press}
}

@article{mcclelland2020placing,
  title={Placing language in an integrated understanding system: Next steps toward human-level performance in neural language models},
  author={McClelland, James L and Hill, Felix and Rudolph, Maja and Baldridge, Jason and Sch{\"u}tze, Hinrich},
  journal={Proceedings of the National Academy of Sciences},
  volume={117},
  number={42},
  pages={25966--25974},
  year={2020},
  publisher={National Acad Sciences}
}

@article{mcculloch1943logical,
  title={A logical calculus of the ideas immanent in nervous activity},
  author={McCulloch, Warren S and Pitts, Walter},
  journal={The Bulletin of Mathematical Biophysics},
  volume={5},
  number={4},
  pages={115--133},
  year={1943},
  publisher={Springer}
}

@article{mcculloch1960reliability,
  title={The reliability of biological systems},
  author={McCulloch, Warren S},
  journal={reprinted in: Collected Works of Warren S. McCulloch (1989), Intersystems Publications, Salinas},
  volume={4},
  pages={1193--1210},
  year={1960}
}

@misc{mcdougall2023copy,
  title={Copy Suppression: Comprehensively Understanding an Attention Head}, 
  author={Callum McDougall and Arthur Conmy and Cody Rushing and Thomas McGrath and Neel Nanda},
  year={2023},
  eprint={2310.04625},
  archivePrefix={arXiv},
  primaryClass={cs.LG},
}

@article{medler1998brief,
  title={A brief history of connectionism},
  author={Medler, David A},
  journal={Neural Computing Surveys},
  volume={1},
  pages={18--72},
  year={1998},
  publisher={Lawrence Erlbaum Associates}
}

@book{meltzer2014edwin,
  title={The {Edwin Smith} Papyrus: Updated Translation of the Trauma Treatise and Modern Medical Commentaries},
  author={Meltzer, Edmund S and Sanchez, Gonzalo M},
  year={2014},
  publisher={ISD LLC}
}

@misc{metr2025hacking,
  title = {Recent Frontier Models Are Reward Hacking},
  author = {METR},
  howpublished = {METR Research blog},
  year = {2025},
  month = jun,
  url = {https://metr.org/blog/2025-06-05-recent-reward-hacking/}
}

@article{mikolov2013distributed,
  title={Distributed representations of words and phrases and their compositionality},
  author={Mikolov, Tomas and Sutskever, Ilya and Chen, Kai and Corrado, Greg S and Dean, Jeff},
  journal={Advances in Neural Information Processing Systems},
  volume={26},
  year={2013}
}

@inproceedings{mikolov2013linguistic,
  title={Linguistic regularities in continuous space word representations},
  author={Mikolov, Tom{\'a}{\v{s}} and Yih, Wen-tau and Zweig, Geoffrey},
  booktitle={Proceedings of the 2013 Conference of the North American Chapter of the Association for Computational Linguistics: Human Language Technologies},
  pages={746--751},
  year={2013}
}

@article{milliere2024interventionist,
  title={Interventionist methods for interpreting deep neural networks},
  author={Milli{\`e}re, Rapha{\"e}l and Buckner, Cameron},
  year={2024}
}

@article{milliere2024philosophical1,
  title={A philosophical introduction to language models -- part {I}: Continuity With Classic Debates},
  author={Milli{\`e}re, Rapha{\"e}l and Buckner, Cameron},
  journal={https://arxiv.org/abs/2401.03910},
  year={2024}
}

@article{milliere2024philosophical2,
  title={A philosophical introduction to language models -- part {II}: The way forward},
  author={Milli{\`e}re, Rapha{\"e}l and Buckner, Cameron},
  journal={arXiv preprint arXiv:2405.03207},
  year={2024}
}

@article{miner2016plasticity,
  title={Plasticity-driven self-organization under topological constraints accounts for non-random features of cortical synaptic wiring},
  author={Miner, Daniel and Triesch, Jochen},
  journal={PLoS Comput Biol},
  volume={12},
  number={2},
  pages={e1004759},
  year={2016},
  publisher={Public Library of Science}
}

@book{minsky1969perceptrons,
  title={Perceptrons},
  author={Minsky, Marvin and Papert, Seymour},
  year={1969},
  publisher={MIT Press}
}

@article{mitchell2021ai,
  title={Why {AI} is harder than we think},
  author={Mitchell, Melanie},
  journal={arXiv preprint arXiv:2104.12871},
  year={2021}
}

@article{mnih2013playing,
  title={Playing {Atari} with deep reinforcement learning},
  author={Mnih, Volodymyr and Kavukcuoglu, Koray and Silver, David and Graves, Alex and Antonoglou, Ioannis and Wierstra, Daan and Riedmiller, Martin},
  journal={arXiv preprint arXiv:1312.5602},
  year={2013}
}

@article{mohamed2008arab,
  title={Arab and {Muslim} contributions to modern neuroscience},
  author={Mohamed, Wael MY},
  journal={IBRO History of Neuroscience},
  volume={169},
  number={3},
  pages={255},
  year={2008}
}

@inproceedings{momennejad2023cogeval,
  title={Evaluating cognitive maps and planning in large language models with {CogEval}},
  author={Momennejad, Ida and Hasanbeig, Hosein and Vieira, Felipe and Sharma, Hiteshi and Ness, Robert O. and Jojic, Nebojsa and Palangi, Hamid and Larson, Jonathan},
  booktitle={Advances in Neural Information Processing Systems},
  volume={36},
  pages={69736--69751},
  year={2023}
}

@article{mordvintsev2015inceptionism,
  title={Inceptionism: Going deeper into neural networks},
  author={Mordvintsev, Alexander and Olah, Christopher and Tyka, Mike},
  journal={Google Research Blog. Retrieved June},
  volume={20},
  pages={14},
  year={2015}
}

@article{nanda2023emergent,
  title={Emergent linear representations in world models of self-supervised sequence models},
  author={Nanda, Neel and Lee, Andrew and Wattenberg, Martin},
  journal={arXiv preprint arXiv:2309.00941},
  year={2023}
}

@article{nanda2023progress,
  title={Progress measures for grokking via mechanistic interpretability},
  author={Nanda, Neel and Chan, Lawrence and Lieberum, Tom and Smith, Jess and Steinhardt, Jacob},
  journal={arXiv preprint arXiv:2301.05217},
  year={2023}
}

@misc{needham2025know,
  title={Large Language Models Often Know When They Are Being Evaluated},
  author={Joe Needham and Giles Edkins and Govind Pimpale and Henning Bartsch and Marius Hobbhahn},
  year={2025},
  eprint={2505.23836},
  archivePrefix={arXiv},
  primaryClass={cs.CL},
  url={https://arxiv.org/abs/2505.23836}, 
}

@article{newitz2016movie,
  title={Movie written by algorithm turns out to be hilarious and intense},
  author={Newitz, Annalee},
  journal={Ars Technica},
  year={2016}
}

@article{niv2009reinforcement,
  title={Reinforcement learning in the brain},
  author={Niv, Yael},
  journal={Journal of Mathematical Psychology},
  volume={53},
  number={3},
  pages={139--154},
  year={2009},
  publisher={Elsevier}
}

@incollection{noelle2022artificial,
  title={Artificial intelligence and computational theories of mind},
  author={Noelle, David C and Yoshimi, Jeffrey},
  booktitle={Mind, Cognition, and Neuroscience},
  pages={127--148},
  year={2022},
  publisher={Routledge}
}

@misc{nostalgebraist2025void,
  title={the void},
  author={nostalgebraist},
  year={2025},
  month=jun,
  howpublished={Blog post},
  url={https://nostalgebraist.tumblr.com/post/785766737747574784/the-void}
}

@article{o2016leabra,
  title={The {Leabra} Cognitive Architecture: How to Play 20 Principles with Nature},
  author={O'Reilly, Randall C and Hazy, Thomas E and Herd, Seth A},
  journal={The Oxford Handbook of Cognitive Science},
  pages={91},
  year={2016},
  publisher={Oxford University Press}
}

@misc{olah2015understanding,
  title={Understanding {LSTM} networks},
  author={Olah, Christopher},
  howpublished={Blog post},
  year={2015},
  month=aug,
  day={27},
  url={https://colah.github.io/posts/2015-08-Understanding-LSTMs/}
}

@article{olsson2022context,
  title={In-context Learning and Induction Heads},
  author={Olsson, Catherine and Elhage, Nelson and Nanda, Neel and Joseph, Nicholas and DasSarma, Nova and Henighan, Tom and Mann, Ben and Askell, Amanda and Bai, Yuntao and Chen, Anna and Conerly, Tom and Drain, Dawn and Ganguli, Deep and Hatfield-Dodds, Zac and Hernandez, Danny and Johnston, Scott and Jones, Andy and Kernion, Jackson and Lovitt, Liane and Ndousse, Kamal and Amodei, Dario and Brown, Tom and Clark, Jack and Kaplan, Jared and McCandlish, Sam and Olah, Chris},
  year={2022},
  journal={Transformer Circuits Thread},
}

@inproceedings{omohundro2008drives,
  author = {Omohundro, Stephen M.},
  title = {The Basic {AI} Drives},
  year = {2008},
  editor = {Wang, Pei and Goertzel, Ben and Franklin, Stan},
  isbn = {9781586038335},
  publisher = {IOS Press},
  location = {Amsterdam},
  booktitle = {Artificial General Intelligence 2008: Proceedings of the First {AGI} Conference},
  pages = {483--492},
  numpages = {10},
}

@article{opus2025illusion,
  title        = {The Illusion of the Illusion of Thinking: A Comment on {Shojaee} et al.},
  author       = {Opus, C. and Lawsen, A.},
  journal      = {arXiv},
  volume       = {abs/2506.09250},
  year         = {2025},
  month        = jun,
  day          = {10},
  url          = {https://arxiv.org/abs/2506.09250v1},
  note         = {Includes AI-generated reasoning by ‚ÄúC. Opus (Claude Opus, Anthropic)‚Äù and human editing by Open Philanthropy's A. Lawsen}
}

@inproceedings{ouyang2022feedback,
  title={Training language models to follow instructions with human feedback}, 
  author = {Ouyang, Long and Wu, Jeffrey and Jiang, Xu and Almeida, Diogo and Wainwright, Carroll and Mishkin, Pamela and Zhang, Chong and Agarwal, Sandhini and Slama, Katarina and Ray, Alex and Schulman, John and Hilton, Jacob and Kelton, Fraser and Miller, Luke and Simens, Maddie and Askell, Amanda and Welinder, Peter and Christiano, Paul F and Leike, Jan and Lowe, Ryan},
  booktitle = {Advances in Neural Information Processing Systems},
  editor = {S. Koyejo and S. Mohamed and A. Agarwal and D. Belgrave and K. Cho and A. Oh},
  pages = {27730--27744},
  publisher = {Curran Associates, Inc.},
  url = {https://proceedings.neurips.cc/paper_files/paper/2022/file/b1efde53be364a73914f58805a001731-Paper-Conference.pdf},
  volume = {35},
  year={2022}
}

@article{page1996use,
  title={Use of neural networks in brain {SPECT} to diagnose {Alzheimer}'s disease},
  author={Page, Michael PA and Howard, Robert J and T O'Brien, John and Buxton-Thomas, Muriel S and Pickering, Alan D},
  journal={The Journal of Nuclear Medicine},
  volume={37},
  number={2},
  pages={195},
  year={1996},
  publisher={Society of Nuclear Medicine}
}

@article{parker1985learning,
  title={Learning-logic ({TR}-47)},
  author={Parker, DB},
  journal={Center for Computational Research in Economics and Management Science. MIT-Press, Cambridge, Mass},
  volume={8},
  year={1985}
}

@article{pasquiou2022neural,
  title={Neural language models are not born equal to fit brain data, but training helps},
  author={Pasquiou, Alexandre and Lakretz, Yair and Hale, John and Thirion, Bertrand and Pallier, Christophe},
  journal={arXiv preprint arXiv:2207.03380},
  year={2022}
}

@inproceedings{patel2022mapping,
  title={Mapping language models to grounded conceptual spaces},
  author={Patel, Rishi and Pavlick, Ellie},
  booktitle={International Conference on Learning Representations},
  year={2022}
}

@inproceedings{pennington2014glove,
  title={{GloVe}: Global vectors for word representation},
  author={Pennington, Jeffrey and Socher, Richard and Manning, Christopher D},
  booktitle={Proceedings of the 2014 Conference on Empirical Nethods in Natural Language Processing (EMNLP)},
  pages={1532--1543},
  year={2014}
}

@article{perrigo2023sydney,
  author = {Perrigo, Billy},
  journal = {Time},
  title = {The New {AI}-Powered {Bing} Is Threatening Users. That's No Laughing Matter},
  year = {2023},
  month = feb,
  url = {https://time.com/6256529/bing-openai-chatgpt-danger-alignment/}
}

@article{piantadosi2014zipf,
  title={Zipf's word frequency law in natural language: A critical review and future directions},
  author={Piantadosi, Steven T},
  journal={Psychonomic Bulletin \& Review},
  volume={21},
  pages={1112--1130},
  year={2014},
  publisher={Springer}
}

@article{piccinini2004first,
  title={The First computational theory of mind and brain: A close look at {McCulloch and Pitts}'s ‚Äúlogical calculus of ideas immanent in nervous activity‚Äù},
  author={Piccinini, Gualtiero},
  journal={Synthese},
  volume={141},
  number={2},
  pages={175--215},
  year={2004},
  publisher={Springer}
}

@article{pinker2002past,
  title={The past and future of the past tense},
  author={Pinker, Steven and Ullman, Michael T},
  journal={Trends in Cognitive Sciences},
  volume={6},
  number={11},
  pages={456--463},
  year={2002},
  publisher={Elsevier}
}

@book{proust2006remembrance,
  title={Remembrance of Things Past},
  author={Proust, Marcel},
  volume={2},
  year={2006},
  publisher={Wordsworth Editions}
}

@inproceedings{rafailov2024dpo,
  title={Direct {P}reference {O}ptimization: Your Language Model is Secretly a Reward Model}, 
  author = {Rafailov, Rafael and Sharma, Archit and Mitchell, Eric and Manning, Christopher D and Ermon, Stefano and Finn, Chelsea},
  booktitle = {Advances in Neural Information Processing Systems},
  editor = {A. Oh and T. Naumann and A. Globerson and K. Saenko and M. Hardt and S. Levine},
  pages = {53728--53741},
  publisher = {Curran Associates, Inc.},
  url = {https://proceedings.neurips.cc/paper_files/paper/2023/file/a85b405ed65c6477a4fe8302b5e06ce7-Paper-Conference.pdf},
  volume = {36},
  year = {2023}
 }

@article{rao1999predictive,
  title={Predictive coding in the visual cortex: a functional interpretation of some extra-classical receptive-field effects},
  author={Rao, Rajesh PN and Ballard, Dana H},
  journal={Nature Neuroscience},
  volume={2},
  number={1},
  pages={79--87},
  year={1999},
  publisher={Nature Publishing Group}
}

@inproceedings{richie2022inter,
  title={Inter-annotator agreement is not the ceiling of machine learning performance: Evidence from a comprehensive set of simulations},
  author={Richie, Russell and Grover, Sachin and Tsui, Fuchiang Rich},
  booktitle={Proceedings of the 21st Workshop on Biomedical Language Processing},
  pages={275--284},
  year={2022}
}

@inproceedings{ritter2017cognitive,
  title={Cognitive psychology for deep neural networks: A shape bias case study},
  author={Ritter, Samuel and Barrett, David GT and Santoro, Adam and Botvinick, Matt M},
  booktitle={International Conference on Machine Learning},
  pages={2940--2949},
  year={2017},
  organization={PMLR}
}

@book{rogers2004semantic,
  title={Semantic Cognition: A Parallel Distributed Processing Approach},
  author={Rogers, Timothy T and McClelland, James L and others},
  year={2004},
  publisher={MIT Press}
}

@article{rogers2020primer,
  title={A primer in {BERTology}: What we know about how {BERT} works},
  author={Rogers, Anna and Kovaleva, Olga and Rumshisky, Anna},
  journal={Transactions of the Association for Computational Linguistics},
  volume={8},
  pages={842--866},
  year={2020},
  publisher={MIT Press}
}

@article{rosenblatt1960perceptron,
  title={Perceptron simulation experiments},
  author={Rosenblatt, Frank},
  journal={Proceedings of the IRE},
  volume={48},
  number={3},
  pages={301--309},
  year={1960},
  publisher={IEEE}
}

@article{rosenblatt1962comparison,
  title={A comparison of several perceptron models},
  author={Rosenblatt, Frank},
  journal={Self-Organizing Systems},
  pages={463--484},
  year={1962},
  publisher={Spartan Books}
}

@article{rumelhart1986learning,
  title={On learning the past tenses of {English} verbs},
  author={Rumelhart, David E and McClelland, James L},
  journal={Psycholinguistics: Critical Concepts in Psychology},
  volume={4},
  pages={216--271},
  year={1986}
}

@misc{rumelhart1986parallel,
  title={Parallel Distributed Processing, Vol. 1},
  author={Rumelhart, David E and McClelland, James L and PDP Research Group and others},
  year={1986},
  publisher={MIT Press, Cambridge, MA}
}

@article{ruppin1995neural,
  title={A neural model of memory impairment in diffuse cerebral atrophy.},
  author={Ruppin, Eytan and Reggia, James A},
  journal={The British Journal of Psychiatry},
  volume={166},
  number={1},
  pages={19--28},
  year={1995},
  publisher={RCP}
}

@book{russell2019human,
  title={Human Compatible: Artificial Intelligence and the Problem of Control},
  author={Russell, S.},
  isbn={9780525558620},
  lccn={2019029689},
  year={2019},
  publisher={Penguin Publishing Group}
}

@article{sarle1994neural,
  title={Neural networks and statistical models},
  author={Sarle, Warren S},
  year={1994},
  publisher={Citeseer}
}

@article{saysani2018colour,
  title={Colour envisioned: Concepts of colour in the blind and sighted},
  author={Saysani, Armin and Corballis, Michael C. and Corballis, Paul M.},
  journal={Visual Cognition},
  volume={26},
  number={5},
  pages={382--392},
  year={2018}
}

@misc{scherlis2025polysemanticity,
  title={Polysemanticity and Capacity in Neural Networks}, 
  author={Adam Scherlis and Kshitij Sachan and Adam S. Jermyn and Joe Benton and Buck Shlegeris},
  year={2025},
  eprint={2210.01892},
  archivePrefix={arXiv},
  primaryClass={cs.NE},
  url={https://arxiv.org/abs/2210.01892}, 
}

@article{schmidhuber1997long,
  title={Long short-term memory},
  author={Schmidhuber, J{\"u}rgen and Hochreiter, Sepp and others},
  journal={Neural Computation},
  volume={9},
  number={8},
  pages={1735--1780},
  year={1997}
}

@article{schmidhuber2020deep,
  title={Deep learning: Our miraculous year 1990-1991},
  author={Schmidhuber, J{\"u}rgen},
  journal={arXiv preprint arXiv:2005.05744},
  year={2020}
}

@article{schneider1988structure,
  title={Structure and controlling subsymbolic processing},
  author={Schneider, Walter},
  journal={Behavioral and Brain Sciences},
  volume={11},
  number={1},
  pages={51--52},
  year={1988},
  publisher={Cambridge University Press}
}

@article{schrimpf2021neural,
  title={The neural architecture of language: Integrative modeling converges on predictive processing},
  author={Schrimpf, Martin and Blank, Idan Asher and Tuckute, Greta and Kauf, Carina and Hosseini, Eghbal A and Kanwisher, Nancy and Tenenbaum, Joshua B and Fedorenko, Evelina},
  journal={Proceedings of the National Academy of Sciences},
  volume={118},
  number={45},
  pages={e2105646118},
  year={2021},
  publisher={National Acad Sciences}
}

@article{schultz1997neural,
  title={A neural substrate of prediction and reward},
  author={Schultz, Wolfram and Dayan, Peter and Montague, P Read},
  journal={Science},
  volume={275},
  number={5306},
  pages={1593--1599},
  year={1997},
  publisher={American Association for the Advancement of Science}
}

@article{seidenberg1989distributed,
  title={A distributed, developmental model of word recognition and naming},
  author={Seidenberg, Mark S and McClelland, James L},
  journal={Psychological Review},
  volume={96},
  number={4},
  pages={523},
  year={1989},
  publisher={American Psychological Association}
}

@article{sejnowski1987parallel,
  title={Parallel networks that learn to pronounce {English} text},
  author={Sejnowski, Terrence J and Rosenberg, Charles R},
  journal={Complex Systems},
  volume={1},
  number={1},
  pages={145--168},
  year={1987}
}

@inproceedings{selfridge1958pandemonium,
  address = {London},
  author = {Selfridge, O. G.},
  booktitle = {Proceedings of a Symposium Held at the National Physical Laboratory},
  keywords = {lsb},
  month = nov,
  pages = {513--526},
  title = {Pandemonium: A paradigm for learning in Mechanisation of Thought Processes},
  year = {1958}
}

@book{selin2013encyclopaedia,
  title={Encyclopaedia of the History of Science, Technology, and Medicine in Non-{Western} Cultures},
  author={Selin, Helaine},
  year={2013},
  publisher={Springer Science \& Business Media}
}

@InCollection{sep-chinese-room,
  author       =  {Cole, David},
  title        =  {The {Chinese} Room Argument},
  booktitle    =  {The {Stanford} Encyclopedia of Philosophy},
  editor       =  {Edward N. Zalta and Uri Nodelman},
  howpublished =  {\url{https://plato.stanford.edu/archives/win2024/entries/chinese-room/}},
  year         =  {2024},
  edition      =  {{W}inter 2024},
  publisher    =  {Metaphysics Research Lab, Stanford University}
}

@InCollection{sep-determinism-causal,
	author       =	{Hoefer, Carl},
	title        =	{Causal Determinism},
	booktitle    =	{The Stanford Encyclopedia of Philosophy},
	editor       =	{Edward N. Zalta},
	howpublished =	{\url{https://plato.stanford.edu/archives/spr2016/entries/determinism-causal/}},
	year         =	{2016},
	edition      =	{Spring 2016},
	publisher    =	{Metaphysics Research Lab, Stanford University}
}

@article{shai2024transformers,
  title={Transformers represent belief state geometry in their residual stream},
  author={Shai, Adam and Teixeira, Lucas and Oldenziel, Alexander and Marzen, Sarah and Riechers, Paul},
  journal={Advances in Neural Information Processing Systems},
  volume={37},
  pages={75012--75034},
  year={2024}
}

@article{shannon1951english,
  author={Shannon, C. E.},
  journal={The Bell System Technical Journal}, 
  title={Prediction and entropy of printed {English}}, 
  year={1951},
  volume={30},
  number={1},
  pages={50-64},
  doi={10.1002/j.1538-7305.1951.tb01366.x}
}

@misc{sharma2025sycophancy,
  title={Towards Understanding Sycophancy in Language Models}, 
  author={Mrinank Sharma and Meg Tong and Tomasz Korbak and David Duvenaud and Amanda Askell and Samuel R. Bowman and Newton Cheng and Esin Durmus and Zac Hatfield-Dodds and Scott R. Johnston and Shauna Kravec and Timothy Maxwell and Sam McCandlish and Kamal Ndousse and Oliver Rausch and Nicholas Schiefer and Da Yan and Miranda Zhang and Ethan Perez},
  year={2025},
  eprint={2310.13548},
  archivePrefix={arXiv},
  primaryClass={cs.CL},
  url={https://arxiv.org/abs/2310.13548}, 
}

@article{shlegeris2024better,
  title={Language models are better than humans at next-token prediction}, 
  author={Buck Shlegeris and Fabien Roger and Lawrence Chan and Euan McLean},
  journal={Transactions on Machine Learning Research},
  issn={2835-8856},
  year={2024},
  url={https://openreview.net/forum?id=RNsnSLdmV7}
}

@article{shojaee2025illusion,
  title={The illusion of thinking: Understanding the strengths and limitations of reasoning models via the lens of problem complexity},
  author={Shojaee, Parshin and Mirzadeh, Iman and Alizadeh, Keivan and Horton, Maxwell and Bengio, Samy and Farajtabar, Mehrdad},
  journal={arXiv preprint arXiv:2506.06941},
  year={2025}
}

@article{silver2016mastering,
  title={Mastering the game of Go with deep neural networks and tree search},
  author={Silver, David and Huang, Aja and Maddison, Chris J and Guez, Arthur and Sifre, Laurent and Van Den Driessche, George and Schrittwieser, Julian and Antonoglou, Ioannis and Panneershelvam, Veda and Lanctot, Marc and others},
  journal={Nature},
  volume={529},
  number={7587},
  pages={484--489},
  year={2016},
  publisher={Nature Publishing Group}
}

@misc{silver2025experience,
  title={Welcome to the Era of Experience},
  author={Silver, David and Sutton, Richard S.},
  howpublished={Preprint for chapter in Designing an Intelligence, MIT Press},
  year=2025,
  url={https://storage.googleapis.com/deepmind-media/Era-of-Experience%20/The%20Era%20of%20Experience%20Paper.pdf}
}

@article{smolensky1988proper,
  title={On the proper treatment of connectionism},
  author={Smolensky, Paul},
  journal={Behavioral and Brain Sciences},
  volume={11},
  number={1},
  pages={1--23},
  year={1988},
  publisher={Cambridge University Press}
}

@inproceedings{soares2015corrigibility,
  author = {Soares, Nate and Fallenstein, Benja and Yudkowsky, Eliezer and Armstrong, Stuart},
  booktitle = {Workshops at the Twenty-Ninth {AAAI} Conference on Artificial Intelligence},
  title = {Corrigibility},
  year = {2015},
  month = jan,
  day = {25--26},
  location = {Austin, TX}
}

@article{sogaard2023grounding,
  title={Grounding the vector space of an octopus: Word meaning from raw text},
  author={S{\o}gaard, Anders},
  journal={Minds and Machines},
  volume={33},
  number={1},
  pages={33--54},
  year={2023},
  publisher={Springer}
}

@article{srivastava2022beyond,
  title={Beyond the imitation game: Quantifying and extrapolating the capabilities of language models},
  author={Srivastava, Aarohi and Rastogi, Abhinav and Rao, Abhishek and Shoeb, Abu Awal Md and Abid, Abubakar and Fisch, Adam and Brown, Adam R and Santoro, Adam and Gupta, Aditya and Garriga-Alonso, Adri{\`a} and others},
  journal={arXiv preprint arXiv:2206.04615},
  year={2022}
}

@book{sutton1998philosophy,
  title={Philosophy and Memory Traces: Descartes to Connectionism},
  author={Sutton, John},
  year={1998},
  publisher={Cambridge University Press}
}

@book{sutton1998reinforcement,
  title={Reinforcement Learning: An Introduction},
  author={Sutton, Richard S and Barto, Andrew G},
  volume={1},
  number={1},
  year={1998},
  publisher={MIT Press Cambridge}
}

@inproceedings{taylor2016quantilizers,
  author = {Taylor, Jessica},
  booktitle = {The Workshops of the Thirtieth {AAAI} Conference on Artificial Intelligence},
  title = {Quantilizers: A Safer Alternative to Maximizers for Limited Optimization},
  year = {2016}
}

@article{templeton2024scaling,
  title={Scaling Monosemanticity: Extracting Interpretable Features from {Claude} 3 {Sonnet}},
  author={Templeton, Adly and Conerly, Tom and Marcus, Jonathan and Lindsey, Jack and Bricken, Trenton and Chen, Brian and Pearce, Adam and Citro, Craig and Ameisen, Emmanuel and Jones, Andy and Cunningham, Hoagy and Turner, Nicholas L and McDougall, Callum and MacDiarmid, Monte and Freeman, C. Daniel and Sumers, Theodore R. and Rees, Edward and Batson, Joshua and Jermyn, Adam and Carter, Shan and Olah, Chris and Henighan, Tom},
  year={2024},
  journal={Transformer Circuits Thread},
}

@article{tenney2019bert,
  title={{BERT} rediscovers the classical {NLP} pipeline},
  author={Tenney, Ian and Das, Dipanjan and Pavlick, Ellie},
  journal={arXiv preprint arXiv:1905.05950},
  year={2019}
}

@article{Tolman1948,
  title = {Cognitive maps in rats and men},
  volume = {55},
  number = {4},
  journal = {Psychological Review},
  author = {E. Tolman},
  year = {1948},
  pages = {189},
}

@article{trott2024augment,
  title={Can large language models help augment {English} psycholinguistic datasets?},
  author={Trott, Sean},
  journal={Behavior Research Methods},
  volume={56},
  pages={6082--6100},
  year={2024},
  doi={10.3758/s13428-024-02337-z}
}

@misc{turner2024activation,
  title={Steering Language Models With Activation Engineering}, 
  author={Alexander Matt Turner and Lisa Thiergart and Gavin Leech and David Udell and Juan J. Vazquez and Ulisse Mini and Monte MacDiarmid},
  year={2024},
  eprint={2308.10248},
  archivePrefix={arXiv},
  primaryClass={cs.CL},
}

@misc{turpin2023unfaithful,
  title={Language Models Don't Always Say What They Think: Unfaithful Explanations in Chain-of-Thought Prompting}, 
  author={Miles Turpin and Julian Michael and Ethan Perez and Samuel R. Bowman},
  year={2023},
  eprint={2305.04388},
  archivePrefix={arXiv},
  primaryClass={cs.CL},
  url={https://arxiv.org/abs/2305.04388}, 
}

@inproceedings{vaswani2017attention,
  title={Attention is all you need},
  author={Vaswani, Ashish and Shazeer, Noam and Parmar, Niki and Uszkoreit, Jakob and Jones, Llion and Gomez, Aidan N and Kaiser, {\L}ukasz and Polosukhin, Illia},
  booktitle={Advances in Neural Information Processing Systems},
  pages={5998--6008},
  year={2017}
}

@inproceedings{voita-etal-2019-analyzing,
  title = "Analyzing Multi-Head Self-Attention: Specialized Heads Do the Heavy Lifting, the Rest Can Be Pruned",
  author = "Voita, Elena  and
    Talbot, David  and
    Moiseev, Fedor  and
    Sennrich, Rico  and
    Titov, Ivan",
  editor = "Korhonen, Anna  and
    Traum, David  and
    M{\`a}rquez, Llu{\'i}s",
  booktitle = "Proceedings of the 57th Annual Meeting of the Association for Computational Linguistics",
  month = jul,
  year = "2019",
  address = "Florence, Italy",
  publisher = "Association for Computational Linguistics",
  doi = "10.18653/v1/P19-1580",
  pages = "5797--5808",
}

@book{von1944games,
	author = {John von Neumann and Oskar Morgenstern},
	title = {Theory of Games and Economic Behavior},
	year = {1944},
  publisher = {Princeton University Press}
}

@article{von1981principles,
  title={The principles of large-scale computing machines},
  author={von Neumann, John},
  journal={Annals of the History of Computing},
  volume={3},
  number={3},
  pages={263--273},
  year={1981},
  publisher={IEEE}
}

@article{wang2021latent,
  title={Latent learning, cognitive maps, and curiosity},
  author={Wang, Maya Zhe and Hayden, Benjamin Y},
  journal={Current Opinion in Behavioral Sciences},
  volume={38},
  pages={1--7},
  year={2021},
  publisher={Elsevier}
}

@article{webb2023emergent,
  title={Emergent analogical reasoning in large language models},
  author={Webb, Taylor and Holyoak, Keith J and Lu, Hongjing},
  journal={Nature Human Behaviour},
  volume={7},
  number={9},
  pages={1526--1541},
  year={2023},
  publisher={Nature Publishing Group UK London}
}

@misc{wei2025imo,
  author = {Wei, Alexander},
  howpublished = {Github repo},
  title = {openai-imo-2025-proofs},
  year = {2025},
  month = jul,
  url = {https://github.com/aw31/openai-imo-2025-proofs/tree/main}
}

@article{werbos1974beyond,
  title={Beyond regression: New tools for prediction and analysis in the behavioral sciences},
  author={Werbos, Paul},
  journal={Ph.~D. Dissertation, Harvard University},
  year={1974}
}

@article{werbos1990bptt,
  title={Backpropagation through time: What it does and how to do it},
  author={Werbos, Paul J},
  journal={Proceedings of the IEEE},
  volume={78},
  number={10},
  pages={1550--1560},
  year={1990},
  publisher={IEEE}
}

@article{whittington2019theories,
  title={Theories of error back-propagation in the brain},
  author={Whittington, James CR and Bogacz, Rafal},
  journal={Trends in Cognitive Sciences},
  volume={23},
  number={3},
  pages={235--250},
  year={2019},
  publisher={Elsevier}
}

@article{widrow1960adaptive,
  title={30 years of adaptive neural networks: Perceptron, {Madaline}, and backpropagation},
  author={Widrow, Bernard and Lehr, Michael A},
  journal={Proceedings of the IEEE},
  volume={78},
  number={9},
  pages={1415--1442},
  year={1990},
  publisher={IEEE}
}

@misc{widrow1963adaline,
  title={Adaline: Smarter than sweet},
  author={Widrow, Bernard},
  year={1963},
  publisher={Stanford Today}
}

@book{wiener1948cybernetics,
  title={Cybernetics: Control and Communication in the Animal and the Machine},
  author={Wiener, Norbert},
  year={1948},
  publisher={Wiley New York}
}

@article{wiggers2024deepseek,
  author = {Wiggers, Kyle},
  journal = {TechCrunch},
  title = {Why {DeepSeek's} new {AI} model thinks it's {ChatGPT}},
  year = {2024},
  month = dec,
  url = {https://techcrunch.com/2024/12/27/why-deepseeks-new-ai-model-thinks-its-chatgpt/}
}

@article{williams1989learning,
  title={A learning algorithm for continually running fully recurrent neural networks},
  author={Williams, Ronald J and Zipser, David},
  journal={Neural Computation},
  volume={1},
  number={2},
  pages={270--280},
  year={1989},
  publisher={MIT Press}
}

@book{wittgenstein1953philosophical,
  title={Philosophical Investigations},
  translator={G.E.M. Anscombe},
  author={Wittgenstein, Ludwig},
  publisher={Blackwell},
  year={1953}
}

@article{yamins2014performance,
  title={Performance-optimized hierarchical models predict neural responses in higher visual cortex},
  author={Yamins, Daniel LK and Hong, Ha and Cadieu, Charles F and Solomon, Ethan A and Seibert, Darren and DiCarlo, James J},
  journal={Proceedings of the National Academy of Sciences},
  volume={111},
  number={23},
  pages={8619--8624},
  year={2014},
  publisher={National Acad Sciences}
}

@article{yamins2016using,
  title={Using goal-driven deep learning models to understand sensory cortex},
  author={Yamins, Daniel LK and DiCarlo, James J},
  journal={Nature Neuroscience},
  volume={19},
  number={3},
  pages={356--365},
  year={2016},
  publisher={Nature Publishing Group}
}

@incollection{yudkowsky2008factor,
  author = {Yudkowsky, Eliezer},
  isbn = {9780198570509},
  title = {Artificial Intelligence as a positive and negative factor in global risk},
  booktitle = {Global Catastrophic Risks},
  publisher = {Oxford University Press},
  year = {2008},
  month = jul,
  doi = {10.1093/oso/9780198570509.003.0021},
  url = {https://doi.org/10.1093/oso/9780198570509.003.0021},
  eprint = {https://academic.oup.com/book/0/chapter/348239228/chapter-pdf/43261407/isbn-9780198570509-book-part-21.pdf},
}

@article{zaland2023comprehensive,
  title={A Comprehensive Empirical Evaluation of Existing Word Embedding Approaches},
  author={Zaland, Obaidullah and Abulaish, Muhammad and Fazil, Mohd},
  journal={arXiv preprint arXiv:2303.07196},
  year={2023}
}

@misc{ziegler2019human,
  title={Fine-Tuning Language Models from Human Preferences}, 
  author={Daniel M. Ziegler and Nisan Stiennon and Jeffrey Wu and Tom B. Brown and Alec Radford and Dario Amodei and Paul Christiano and Geoffrey Irving},
  year={2019},
  eprint={1909.08593},
  archivePrefix={arXiv},
  primaryClass={cs.CL},
  url={https://arxiv.org/abs/1909.08593}, 
}

@article{zipf1945meaning,
  title={The meaning-frequency relationship of words},
  author={Zipf, George Kingsley},
  journal={The Journal of General Psychology},
  volume={33},
  number={2},
  pages={251--256},
  year={1945},
  publisher={Taylor \& Francis}
}

@article{zipser1992identification,
  title={Identification models of the nervous system},
  author={Zipser, David},
  journal={Neuroscience},
  volume={47},
  number={4},
  pages={853--862},
  year={1992},
  publisher={Elsevier}
}

@article{zorzi2013modeling,
  title={Modeling language and cognition with deep unsupervised learning: A tutorial overview},
  author={Zorzi, Marco and Testolin, Alberto and Stoianov, Ivilin P},
  journal={Frontiers in Psychology},
  volume={4},
  pages={515},
  year={2013},
  publisher={Frontiers Media SA}
}

@misc{zou2025representation,
  title={Representation Engineering: A Top-Down Approach to {AI} Transparency}, 
  author={Andy Zou and Long Phan and Sarah Chen and James Campbell and Phillip Guo and Richard Ren and Alexander Pan and Xuwang Yin and Mantas Mazeika and Ann-Kathrin Dombrowski and Shashwat Goel and Nathaniel Li and Michael J. Byun and Zifan Wang and Alex Mallen and Steven Basart and Sanmi Koyejo and Dawn Song and Matt Fredrikson and J. Zico Kolter and Dan Hendrycks},
  year={2025},
  eprint={2310.01405},
  archivePrefix={arXiv},
  primaryClass={cs.LG},
}

@techreport{RyskinEtAl2025EfficientAudienceDesign,
  author       = {Ryskin, Rachel and Gawel, Olivia and Tanzer, Owen and Pailo, Viniccius and Kello, Christopher},
  title        = {Efficient Audience Design in LLMs},
  year         = {2025},
  institution  = {University of California ‚Äî eScholarship Repository},
  howpublished = {\url{https://escholarship.org/uc/item/6zm2f1n3}},
  note         = {Available at the UC eScholarship repository}
}